<collection xmlns="http://www.loc.gov/MARC21/slim">
<record>
  <leader>01116nam0a2200265 i 450 </leader>
  <controlfield tag="001">IT\ICCU\CNCE\062571</controlfield>
  <controlfield tag="005">20120731000000.0</controlfield>
  <datafield tag="012" ind1=" " ind2=" ">
    <subfield code="a">iale i.e. iooe sena (C) 1507 (Q)</subfield>
    <subfield code="2">fei</subfield>
  </datafield>
  <datafield tag="100" ind1=" " ind2=" ">
    <subfield code="a">20051121f15071515    0itac0103    ba</subfield>
  </datafield>
  <datafield tag="101" ind1=" " ind2=" ">
    <subfield code="a">ITA</subfield>
  </datafield>
  <datafield tag="102" ind1=" " ind2=" ">
    <subfield code="a">IT</subfield>
  </datafield>
  <datafield tag="200" ind1="1" ind2=" ">
    <subfield code="a">℗La ℗regola de sancto Francesco del Terzo ordine</subfield>
  </datafield>
  <datafield tag="210" ind1=" " ind2=" ">
    <subfield code="d">\Tra il 1507 e il 1515!</subfield>
    <subfield code="e">Impressum Pisauri</subfield>
    <subfield code="g">per Hieronymum Soncinum</subfield>
  </datafield>
  <datafield tag="215" ind1=" " ind2=" ">
    <subfield code="a">\48! c.</subfield>
    <subfield code="d">16ʻ</subfield>
  </datafield>
  <datafield tag="300" ind1=" " ind2=" ">
    <subfield code="a">La data si ricava dall&apos;attivit ̉del tipografo a Pesaro</subfield>
  </datafield>
  <datafield tag="620" ind1=" " ind2=" ">
    <subfield code="a">IT</subfield>
    <subfield code="d">Pesaro</subfield>
  </datafield>
  <datafield tag="710" ind1="0" ind2="2">
    <subfield code="a">Terziari francescani regolari</subfield>
    <subfield code="3">8209</subfield>
  </datafield>
  <datafield tag="712" ind1="0" ind2="0">
    <subfield code="a">Soncino, Girolamo</subfield>
    <subfield code="3">IT\ICCU\CNCT\000277</subfield>
    <subfield code="4">650</subfield>
  </datafield>
  <datafield tag="791" ind1="0" ind2="0">
    <subfield code="a">Soncino, Gershom ben Mosheh</subfield>
    <subfield code="3">IT\ICCU\CNCT\002888</subfield>
    <subfield code="z">Soncino, Girolamo</subfield>
  </datafield>
  <datafield tag="791" ind1="0" ind2="0">
    <subfield code="a">Soncinus, Hieronymus</subfield>
    <subfield code="3">IT\ICCU\CNCT\005713</subfield>
    <subfield code="z">Soncino, Girolamo</subfield>
  </datafield>
  <datafield tag="791" ind1="0" ind2="0">
    <subfield code="a">Soncinas, Hieronymus</subfield>
    <subfield code="3">IT\ICCU\CNCT\005714</subfield>
    <subfield code="z">Soncino, Girolamo</subfield>
  </datafield>
  <datafield tag="791" ind1="0" ind2="0">
    <subfield code="a">Suncinus, Hieronymus</subfield>
    <subfield code="3">IT\ICCU\CNCT\005715</subfield>
    <subfield code="z">Soncino, Girolamo</subfield>
  </datafield>
  <datafield tag="791" ind1="0" ind2="0">
    <subfield code="a">Sonzino, Hieronymo</subfield>
    <subfield code="3">IT\ICCU\CNCT\005716</subfield>
    <subfield code="z">Soncino, Girolamo</subfield>
  </datafield>
  <datafield tag="801" ind1=" " ind2="3">
    <subfield code="a">IT</subfield>
    <subfield code="b">ICCU</subfield>
    <subfield code="c">20201115</subfield>
  </datafield>
  <datafield tag="899" ind1=" " ind2=" ">
    <subfield code="a">Biblioteca nazionale centrale. Roma</subfield>
    <subfield code="1">RM0267</subfield>
    <subfield code="2">BVE CR</subfield>
  </datafield>
</record>
</collection>
